@inproceedings{DBLP:conf/caise/Francescomarino16,
  author    = {Chiara Di Francescomarino and
               Marlon Dumas and
               Marco Federici and
               Chiara Ghidini and
               Fabrizio Maria Maggi and
               Williams Rizzi},
  title     = {Predictive Business Process Monitoring Framework with Hyperparameter
               Optimization},
  booktitle = {Advanced Information Systems Engineering - 28th International Conference,
               CAiSE 2016, Ljubljana, Slovenia, June 13-17, 2016. Proceedings},
  pages     = {361--376},
  year      = {2016},
  crossref  = {DBLP:conf/caise/2016},
  url       = {https://doi.org/10.1007/978-3-319-39696-5_22},
  doi       = {10.1007/978-3-319-39696-5_22},
  timestamp = {Thu, 01 Jun 2017 01:00:00 +0200},
  biburl    = {https://dblp.org/rec/bib/conf/caise/Francescomarino16},
  bibsource = {dblp computer science bibliography, https://dblp.org},
  note      = {\textbf{Distinguished Paper Award}}
}

@inproceedings{DBLP:conf/bpm/FedericiRFDGMT15,
  author    = {Marco Federici and
               Williams Rizzi and
               Chiara Di Francescomarino and
               Marlon Dumas and
               Chiara Ghidini and
               Fabrizio Maria Maggi and
               Irene Teinemaa},
  title     = {A ProM Operational Support Provider for Predictive Monitoring of Business
               Processes},
  booktitle = {Proceedings of the {BPM} Demo Session 2015 Co-located with the 13th
               International Conference on Business Process Management {(BPM} 2015),
               Innsbruck, Austria, September 2, 2015.},
  pages     = {1--5},
  year      = {2015},
  crossref  = {DBLP:conf/bpm/2015d},
  url       = {http://ceur-ws.org/Vol-1418/paper1.pdf},
  timestamp = {Mon, 30 May 2016 16:28:38 +0200},
  biburl    = {https://dblp.org/rec/bib/conf/bpm/FedericiRFDGMT15},
  bibsource = {dblp computer science bibliography, https://dblp.org}
}

@inproceedings{dragoni2016combining,
  title={Combining NLP approaches for rule extraction from legal documents},
  author={Dragoni, Mauro and Villata, Serena and Rizzi, Williams and Governatori, Guido},
  booktitle={1st Workshop on MIning and REasoning with Legal texts (MIREL 2016)},
  year={2016},
  url={https://hal.archives-ouvertes.fr/hal-01572443/file/MIREL2016.pdf}
}

@article{DBLP:journals/is/Francescomarino18,
  author    = {Chiara Di Francescomarino and
               Marlon Dumas and
               Marco Federici and
               Chiara Ghidini and
               Fabrizio Maria Maggi and
               Williams Rizzi and
               Luca Simonetto},
  title     = {Genetic algorithms for hyperparameter optimization in predictive business
               process monitoring},
  journal   = {Inf. Syst.},
  volume    = {74},
  number    = {Part},
  pages     = {67--83},
  year      = {2018},
  url       = {https://doi.org/10.1016/j.is.2018.01.003},
  doi       = {10.1016/j.is.2018.01.003},
  timestamp = {Fri, 13 Apr 2018 01:00:00 +0200},
  biburl    = {https://dblp.org/rec/bib/journals/is/Francescomarino18},
  bibsource = {dblp computer science bibliography, https://dblp.org}
}

@article{DBLP:journals/corr/abs-1804-03967,
  author    = {Chiara Di Francescomarino and
              Chiara Ghidini and
              Fabrizio Maria Maggi and
              Williams Rizzi and
              Cosimo Damiano Persia},
  title     = {Incremental Predictive Process Monitoring: How to Deal with the Variability
              of Real Environments},
  journal   = {CoRR},
  volume    = {abs/1804.03967},
  year      = {2018},
  url       = {http://arxiv.org/abs/1804.03967},
  archivePrefix = {arXiv},
  eprint    = {1804.03967},
  timestamp = {Tue, 01 May 2018 01:00:00 +0200},
  biburl    = {https://dblp.org/rec/bib/journals/corr/abs-1804-03967},
  bibsource = {dblp computer science bibliography, https://dblp.org}
}
